<record><leader>00000cas a2200000Ia 4500</leader><controlfield tag="001">10000671</controlfield><controlfield tag="008">831011d19401946nyuwr ne      0   a0eng d</controlfield><datafield ind1=" " ind2=" " tag="010"><subfield code="a">sn 97066052 </subfield></datafield><datafield ind1=" " ind2=" " tag="040"><subfield code="a">BTI</subfield><subfield code="b">eng</subfield><subfield code="c">BTI</subfield><subfield code="d">NVK</subfield><subfield code="d">OCLCQ</subfield></datafield><datafield ind1=" " ind2=" " tag="043"><subfield code="a">n-us---</subfield><subfield code="a">n-us-ny</subfield></datafield><datafield ind1=" " ind2=" " tag="090"><subfield code="a">BX8901</subfield></datafield><datafield ind1="0" ind2=" " tag="130"><subfield code="a">Church times (Utica, N.Y.)</subfield></datafield><datafield ind1="1" ind2="4" tag="245"><subfield code="a">The Church times.</subfield></datafield><datafield ind1=" " ind2=" " tag="260"><subfield code="a">[Utica, N.Y.] :</subfield><subfield code="b">Presbyterian Colleagues, Inc.,</subfield><subfield code="c">1940-1946.</subfield></datafield><datafield ind1=" " ind2=" " tag="300"><subfield code="a">v. :</subfield><subfield code="b">ill. ;</subfield><subfield code="c">35 cm.</subfield></datafield><datafield ind1=" " ind2=" " tag="310"><subfield code="a">Weekly</subfield></datafield><datafield ind1="0" ind2=" " tag="362"><subfield code="a">Vol. 1, no. 1 (Oct. 5, 1940)-v. 6, no. 52 (Sept. 28, 1946).</subfield></datafield><datafield ind1=" " ind2=" " tag="530"><subfield code="a">Also issued on microfilm.</subfield></datafield><datafield ind1="2" ind2="0" tag="610"><subfield code="a">Presbyterian Church (U.S.A.)</subfield><subfield code="v">Newspapers.</subfield></datafield><datafield ind1=" " ind2="0" tag="650"><subfield code="a">Presbyterians</subfield><subfield code="z">United States</subfield><subfield code="v">Newspapers.</subfield></datafield><datafield ind1=" " ind2="0" tag="650"><subfield code="a">Presbyterian Church</subfield><subfield code="z">New York</subfield><subfield code="v">Newspapers.</subfield></datafield><datafield ind1=" " ind2="0" tag="651"><subfield code="a">Utica (N.Y.)</subfield><subfield code="v">Newspapers.</subfield></datafield><datafield ind1=" " ind2=" " tag="752"><subfield code="a">United States</subfield><subfield code="b">New York</subfield><subfield code="c">Oneida</subfield><subfield code="d">Utica.</subfield></datafield><datafield ind1="0" ind2="4" tag="785"><subfield code="t">Presbyterian tribune</subfield><subfield code="w">(DLC)sn 94005259</subfield></datafield><datafield ind1=" " ind2=" " tag="936"><subfield code="a">Sept. 28, 1946</subfield></datafield></record>